@misc{Outil-totalcoaching,
title={L'outil totalcoaching},
howpublished={\url{https://www.totalcoaching.com/fr/}}
}

@misc{Itw-createur-totalcoaching,
title={Interview du cr√©ateur de totalcoaching},
howpublished={\url{https://njoyfit.wordpress.com/2015/04/29/interview-de-david-gill-createur-de-lapplication-totalcoaching-destine-aux-coachs-de-sport/}}
}

@misc{Facteurs-psy-natation,
title={Facteurs psychologiques de la performance},
howpublished={\url{http://staps.univ-lille2.fr/fileadmin/user_upload/ressources_peda/Licence/Licence_entrainement/2007/psycho_baudet.pdf}}
}

@misc{Types-entrainements-natation,
title={Types d'entrainements de natation},
howpublished={\url{http://www.natationpourtous.com/entrainement/entrainement-vitesse.php}}
}
